@article{gagliardi2019international,
  title = {The international race towards Exascale in Europe},
  author = {Gagliardi, Fabrizio and Moreto, Miquel and Olivieri, Mauro and Valero, Mateo},
  year = 2019,
  journal = {CCF Transactions on High Performance Computing},
  publisher = {Springer},
  pages = {1--11},
}
@article{gropp1996high,
  title = {A high-performance, portable implementation of the MPI message passing interface standard},
  author = {Gropp, William and Lusk, Ewing and Doss, Nathan and Skjellum, Anthony},
  year = 1996,
  journal = {Parallel computing},
  publisher = {North-Holland},
  volume = 22,
  number = 6,
  pages = {789--828},
}
@software{moreno2024hsurf,
  author = {Matthew Andres Moreno},
  title = {mmore500/hstrat-surface-concept},
  month = mar,
  year = 2024,
  publisher = {Zenodo},
  doi = {10.5281/zenodo.10779240},
  url = {https://zenodo.org/doi/10.5281/zenodo.10779240}
}
@misc{moreno2024toward,
  title={Toward Wafer-Scale Digital Evolution Experiments},
  url={osf.io/bfm2z},
  DOI={10.17605/OSF.IO/BFM2Z},
  publisher={OSF},
  author={Connor and Moreno, Matthew A},
  year={2024},
  month={Mar}
}
@software{moreno2024wse,
  author = {Matthew Andres Moreno and Connor Yang},
  title = {mmore500/wse-sketches},
  month = mar,
  year = 2024,
  publisher = {Zenodo},
  doi = {10.5281/zenodo.10779280},
  url = {https://doi.org/10.5281/zenodo.10779280}
}
@article{selig2022cerebras,
  title={The cerebras software development kit: A technical overview},
  author={Selig, Justin},
  year={2022},
  publisher={Technical Report, Cerebras}
}
@article{lauterbach2021path,
  title={The path to successful wafer-scale integration: The cerebras story},
  author={Lauterbach, Gary},
  journal={IEEE Micro},
  volume={41},
  number={6},
  pages={52--57},
  year={2021},
  publisher={IEEE}
}
@inproceedings{lie2022cerebras,
  title={Cerebras architecture deep dive: First look inside the hw/sw co-design for deep learning: Cerebras systems},
  author={Lie, Sean},
  booktitle={2022 IEEE Hot Chips 34 Symposium (HCS)},
  pages={1--34},
  year={2022},
  organization={IEEE Computer Society}
}
