@inproceedings{ackley2011homeostatic,
  title = {Homeostatic architectures for robust spatial computing},
  author = {Ackley, David H and Williams, Lance R},
  year = 2011,
  booktitle = {2011 Fifth IEEE Conference on Self-Adaptive and Self-Organizing Systems Workshops},
  pages = {91--96},
  organization = {Ieee},
}
@inproceedings{ackley2011pursue,
  title = {Pursue Robust Indefinite Scalability},
  author = {Ackley, David H. and Cannon, Daniel C.},
  year = 2011,
  booktitle = {Proceedings of the 13th USENIX Conference on Hot Topics in Operating Systems},
  location = {Napa, California},
  publisher = {USENIX Association},
  address = {Usa},
  series = {HotOS'13},
  pages = 8,
  numpages = 1,
  acmid = 1991607,
  editor = {Welsh, Matt},
}
@inproceedings{ackley2014indefinitely,
  title = {Indefinitely scalable computing= artificial life engineering},
  author = {Ackley, David and Small, Trent},
  year = 2014,
  booktitle = {Artificial Life Conference Proceedings},
  pages = {606--613},
  organization = {MIT Press},
}
@inproceedings{ackley2016indefinite,
  title = {Indefinite scalability for living computation},
  author = {Ackley, David H.},
  year = 2016,
  booktitle = {Proceedings of the Thirtieth Association for the Advancement of Artificial Intelligence Conference on Artificial Intelligence},
  location = {Phoenix, AZ},
  publisher = {AAAI Press},
  address = {Palo Alto, CA},
  volume = 30,
  number = 1,
  pages = {4142--4146},
  numpages = 5,
  acmid = 3016502,
  editor = {Schuurmans, Dale and Wellman, Michael},
}
@inproceedings{ackley2018digital,
  title = {Digital protocells with dynamic size, position, and topology},
  author = {Ackley, David H.},
  year = 2018,
  month = {07},
  booktitle = {ALIFE 2018: The 2018 Conference on Artificial Life},
  pages = {83--90},
  doi = {10.1162/isal_a_00021},
  url = {https://doi.org/10.1162/isal\_a\_00021},
  eprint = {https://direct.mit.edu/isal/proceedings-pdf/alife2018/30/83/1904846/isal\_a\_00021.pdf},
  organization = {MIT Press},
}
@inproceedings{ackley2019building,
  title = {Building a survivable protocell for a corrosive digital environment},
  author = {Ackley, David H},
  year = 2019,
  booktitle = {ALIFE 2019: The 2019 Conference on Artificial Life},
  pages = {111--118},
  organization = {MIT Press},
}
@inproceedings{ackley2020best,
  title = {Best-effort computing with SPOTs and Spatial Threads},
  author = {Ackley, David H.},
  year = 2020,
  month = {07},
  series = {ALIFE 2023: Ghost in the Machine: Proceedings of the 2023 Artificial Life Conference},
  volume = {ALIFE 2020: The 2020 Conference on Artificial Life},
  pages = {13--15},
  doi = {10.1162/isal_a_00337},
  url = {https://doi.org/10.1162/isal\_a\_00337},
  eprint = {https://direct.mit.edu/isal/proceedings-pdf/isal2020/32/13/1908596/isal\_a\_00337.pdf},
}
@inproceedings{ackley2023robust,
  title = {A Robust Programmable Replicator for an Indefinitely Scalable Machine},
  author = {Ackley, David H.},
  year = 2023,
  month = {07},
  series = {ALIFE 2023: Ghost in the Machine: Proceedings of the 2023 Artificial Life Conference},
  volume = {ALIFE 2023: Ghost in the Machine: Proceedings of the 2023 Artificial Life Conference},
  pages = 81,
  doi = {10.1162/isal_a_00701},
  url = {https://doi.org/10.1162/isal\_a\_00701},
  eprint = {https://direct.mit.edu/isal/proceedings-pdf/isal/35/81/2149246/isal\_a\_00701.pdf},
}
@article{aktipis2013evolutionary,
  title = {Evolutionary foundations for cancer biology},
  author = {Aktipis, C Athena and Nesse, Randolph M},
  year = 2013,
  journal = {Evolutionary applications},
  publisher = {Wiley Online Library},
  volume = 6,
  number = 1,
  pages = {144--159},
}
@article{arndt2012processes,
  title = {Processes on the young Earth and the habitats of early life},
  author = {Arndt, Nicholas T and Nisbet, Euan G},
  year = 2012,
  journal = {Annual Review of Earth and Planetary Sciences},
  publisher = {Annual Reviews},
  volume = 40,
  pages = {521--549},
}
@article{aslan2020comprehensive,
  title = {A comprehensive review on malware detection approaches},
  author = {Aslan, {\"O}mer Aslan and Samet, Refik},
  year = 2020,
  journal = {IEEE access},
  publisher = {Ieee},
  volume = 8,
  pages = {6249--6271},
}
@article{banzhaf2016defining,
  title = {Defining and simulating open-ended novelty: Requirements, guidelines, and challenges},
  author = {Banzhaf, Wolfgang and Baumgaertner, Bert and Beslon, Guillaume and Doursat, Ren{\'e} and Foster, James A and McMullin, Barry and De Melo, Vinicius Veloso and Miconi, Thomas and Spector, Lee and Stepney, Susan and White, Roger},
  year = 2016,
  journal = {Theory in Biosciences},
  publisher = {Springer},
  volume = 135,
  number = 3,
  pages = {131--161},
  editor = {Jost, J. and Ay, N. and Laubichler, M. and Stadler, P.F.},
}
@article{bassett2017small,
  title = {Small-World Brain Networks Revisited},
  author = {Danielle S. Bassett and Edward T. Bullmore},
  year = 2017,
  journal = {The Neuroscientist},
  publisher = {SAGE Publications Sage CA: Los Angeles, CA},
  volume = 23,
  number = 5,
  pages = {499--516},
  doi = {10.1177/1073858416667720},
  url = {https://doi.org/10.1177/1073858416667720},
  note = {Pmid: 27655008},
  eprint = {https://doi.org/10.1177/1073858416667720},
}
@inproceedings{bedau1998classification,
  title = {A classification of long-term evolutionary dynamics},
  author = {Bedau, Mark A and Snyder, Emile and Packard, Norman H},
  year = 1998,
  booktitle = {Artificial Life VI: Proceedings of the Sixth International Conference on Artificial Life},
  publisher = {MIT Press},
  pages = {228--237},
  isbn = 9780262510998,
  lccn = 98022859,
}
@article{bedau2003artificial,
  title = {Artificial Life: organization, adaptation and complexity from the bottom up},
  author = {Bedau, Mark A},
  year = 2003,
  journal = {Trends in Cognitive Sciences},
  publisher = {Elsevier},
  volume = 7,
  number = 11,
  pages = {505--512},
}
@article{benenson2009biocomputers,
  title = {Biocomputers: from test tubes to live cells},
  author = {Benenson, Yaakov},
  year = 2009,
  journal = {Molecular BioSystems},
  publisher = {Royal Society of Chemistry},
  volume = 5,
  number = 7,
  pages = {675--685},
}
@inproceedings{bennett1999building,
  title = {Building a parallel computer system for \$18,000 that performs a half peta-flop per day},
  author = {Bennett III, Forrest H and Koza, John R and Shipman, James and Stiffelman, Oscar},
  year = 1999,
  booktitle = {Proceedings of the 1st Annual Conference on Genetic and Evolutionary Computation-Volume 2},
  pages = {1484--1490},
}
@misc{berestyckiRecentProgressCoalescent2009,
  title = {Recent progress in coalescent theory},
  author = {Berestycki, Nathanael},
  year = 2009,
  publisher = {arXiv},
  number = {{arXiv}:0909.3985},
  url = {http://arxiv.org/abs/0909.3985},
  urldate = {2023-07-10},
  date = {2009-09-22},
  langid = {english},
  eprinttype = {arxiv},
  eprint = {0909.3985 [math]},
}
@article{bhat2018data,
  title = {Is a data-capacity gap inevitable in big data storage?},
  author = {Bhat, Wasim Ahmad},
  year = 2018,
  journal = {Computer},
  publisher = {Ieee},
  volume = 51,
  number = 9,
  pages = {54--62},
}
@misc{blondeau2009distributed,
  title = {Distributed network for performing complex algorithms},
  author = {Blondeau, Antoine and Cheyer, Adam and Hodjat, Babak and Harrigan, Peter},
  year = 2009,
  month = {05},
  publisher = {Google Patents},
  note = {US Patent App. 12/267,287},
}
@inproceedings{bohm2017mabe,
  title = {MABE (Modular Agent Based Evolver): A framework for digital evolution research},
  author = {Bohm, Clifford and G., Nitash C. and Hintze, Arend},
  year = 2017,
  month = {09},
  booktitle = {ECAL 2017, the Fourteenth European Conference on Artificial Life},
  pages = {76--83},
  doi = {10.1162/isal_a_016},
  url = {https://doi.org/10.1162/isal\_a\_016},
  eprint = {https://direct.mit.edu/isal/proceedings-pdf/ecal2017/29/76/1904506/isal\_a\_016.pdf},
}
@article{bonnet2013amplifying,
  title = {Amplifying genetic logic gates},
  author = {Bonnet, Jerome and Yin, Peter and Ortiz, Monica E and Subsoontorn, Pakpoom and Endy, Drew},
  year = 2013,
  journal = {Science},
  publisher = {American Association for the Advancement of Science},
  volume = 340,
  number = 6132,
  pages = {599--603},
}
@incollection{bouchard2013symbiotic,
  title = {What is a symbiotic superindividual and how do you measure its fitness},
  author = {Bouchard, Fr{\'e}d{\'e}ric},
  year = 2013,
  month = {01},
  booktitle = {From Groups to Individuals: Evolution and Emerging Individuality},
  publisher = {MIT Press},
  address = {Cambridge, MA},
  pages = {243--264},
  editor = {Bouchard, Fr{\'e}d{\'e}ric and Huneman, Philippe},
}
@inproceedings{burke2003increased,
  title = {Is increased diversity in genetic programming beneficial? An analysis of lineage selection},
  author = {Burke, E.K. and Gustafson, S. and Kendall, G. and Krasnogor, N.},
  year = 2003,
  booktitle = {The 2003 Congress on Evolutionary Computation, 2003. CEC '03.},
  volume = 2,
  pages = {1398--1405 Vol.2},
  doi = {10.1109/cec.2003.1299834},
}
@inproceedings{byna2010best,
  title = {Best-effort semantic document search on GPUs},
  author = {Byna, Surendra and Meng, Jiayuan and Raghunathan, Anand and Chakradhar, Srimat and Cadambi, Srihari},
  year = 2010,
  booktitle = {Proceedings of the 3rd Workshop on General-Purpose Computation on Graphics Processing Units},
  pages = {86--93},
}
@article{calacci2022cop,
  title = {The Cop In Your Neighbor's Doorbell: Amazon Ring and the Spread of Participatory Mass Surveillance},
  author = {Calacci, Dan and Shen, Jeffrey J and Pentland, Alex},
  year = 2022,
  journal = {Proceedings of the ACM on Human-Computer Interaction},
  publisher = {ACM New York, NY, USA},
  volume = 6,
  number = {Cscw2},
  pages = {1--47},
}
@incollection{cantu2001master,
  title = {Master-slave parallel genetic algorithms},
  author = {Cant{\'u}-Paz, Erick},
  year = 2001,
  journal = {Efficient and Accurate Parallel Genetic Algorithms},
  booktitle = {Efficient and Accurate Parallel Genetic Algorithms},
  publisher = {Springer},
  pages = {33--48},
}
@article{cappello2014toward,
  title = {Toward exascale resilience: 2014 update},
  author = {Cappello, Franck and Al, Geist and Gropp, William and Kale, Sanjay and Kramer, Bill and Snir, Marc},
  year = 2014,
  journal = {Supercomputing Frontiers and Innovations: an International Journal},
  publisher = {South Ural State University Chelyabinsk, Russia, Russia},
  volume = 1,
  number = 1,
  pages = {5--28},
}
@inproceedings{cardwell2019extended,
  title = {An extended roofline model with communication-awareness for distributed-memory hpc systems},
  author = {Cardwell, David and Song, Fengguang},
  year = 2019,
  booktitle = {Proceedings of the International Conference on High Performance Computing in Asia-Pacific Region},
  pages = {26--35},
}
@techreport{cerebras2021wafer,
  title = {Wafer-Scale Engine: The Largest Chip Ever Built},
  author = {Cerebras Systems Inc.},
  year = 2021,
  url = {https://f.hubspotusercontent30.net/hubfs/8968533/WSE-2%20Datasheet.pdf},
  note = {Accessed: 2023-07-08},
  institution = {Cerebras Systems Inc.},
}
@article{channon2019maximum,
  title = {Maximum individual complexity is indefinitely scalable in Geb},
  author = {Channon, Alastair},
  year = 2019,
  journal = {Artificial life},
  publisher = {MIT Press One Rogers Street, Cambridge, MA 02142-1209, USA journals-info~…},
  volume = 25,
  number = 2,
  pages = {134--144},
}
}
@software{charles_ofria_2020_4141943,
  title = {devosoft/Empirical: Before directory reorganization},
  author = {Charles Ofria and Matthew Andres Moreno and Emily Dolson and Alex Lalejini and rodsan0 and Jake Fenton and perryk12 and Steven Jorgensen and hoffmanriley and grenewode and Oliver Baldwin Edwards and Jason Stredwick and cgnitash and theycallmeHeem and Anya Vostinar and Ryan Moreno and Jory Schossau and Luis Zaman and djrain},
  year = 2020,
  month = oct,
  publisher = {Zenodo},
  doi = {10.5281/zenodo.4141943},
  url = {https://doi.org/10.5281/zenodo.4141943},
  version = {v0.0.4},
}
@inproceedings{che2008accelerating,
  title = {Accelerating compute-intensive applications with GPUs and FPGAs},
  author = {Che, Shuai and Li, Jie and Sheaffer, Jeremy W and Skadron, Kevin and Lach, John},
  year = 2008,
  booktitle = {2008 Symposium on Application Specific Processors},
  pages = {101--107},
  organization = {Ieee},
}
@incollection{clarke1994mpi,
  title = {The MPI message passing interface standard},
  author = {Clarke, Lyndon and Glendinning, Ian and Hempel, Rolf},
  year = 1994,
  booktitle = {Programming Environments for Massively Parallel Distributed Systems},
  publisher = {Springer},
  pages = {213--218},
}
@inproceedings{clune2007investigating,
  title = {Investigating the Emergence of Phenotypic Plasticity in Evolving Digital Organisms},
  author = {Clune, Jeff and Ofria, Charles and Pennock, Robert T.},
  year = 2007,
  booktitle = {Proceedings of the 9th European Conference on Advances in Artificial Life},
  location = {Lisbon, Portugal},
  publisher = {Springer-Verlag},
  address = {Berlin, Heidelberg},
  pages = {74--83},
  isbn = {978-3-540-74912-7},
  numpages = 10,
  acmid = 1771400,
  editor = {Costa, Fernando Almeida e and Rocha, Luis Mateus and Costa, Ernesto and Harvey, Inman and Coutinho, Ant\'{o}nio},
}
@article{clune2011performance,
  title = {On the performance of indirect encoding across the continuum of regularity},
  author = {Clune, Jeff and Stanley, Kenneth O and Pennock, Robert T and Ofria, Charles},
  year = 2011,
  journal = {IEEE Transactions on Evolutionary Computation},
  publisher = {Ieee},
  volume = 15,
  number = 3,
  pages = {346--367},
}
@article{cohen1987computer,
  title = {Computer viruses: theory and experiments},
  author = {Cohen, Fred},
  year = 1987,
  journal = {Computers \& security},
  publisher = {Elsevier},
  volume = 6,
  number = 1,
  pages = {22--35},
}
@article{cole2018broadly,
  title = {A broadly conserved NERD genetically interacts with the exocyst to affect root growth and cell expansion},
  author = {Cole, Rex A and Peremyslov, Valera V and Van Why, Savannah and Moussaoui, Ibrahim and Ketter, Ann and Cool, Renee and Moreno, Matthew Andres and Vejlupkova, Zuzana and Dolja, Valerian V and Fowler, John E},
  year = 2018,
  month = {05},
  journal = {Journal of Experimental Botany},
  volume = 69,
  number = 15,
  pages = {3625--3637},
  doi = {10.1093/jxb/ery162},
  issn = {0022-0957},
  url = {https://doi.org/10.1093/jxb/ery162},
  eprint = {https://academic.oup.com/jxb/article-pdf/69/15/3625/25097718/ery162.pdf},
}
@inproceedings{corke2007long,
  title = {Long-duration solar-powered wireless sensor networks},
  author = {Corke, Peter and Valencia, Philip and Sikka, Pavan and Wark, Tim and Overs, Les},
  year = 2007,
  booktitle = {Proceedings of the 4th workshop on Embedded networked sensors},
  pages = {33--37},
}
@book{crochiere1983multirate,
  title = {Multirate digital signal processing},
  author = {Crochiere, Ronald E and Rabiner, Lawrence R},
  year = 1983,
  publisher = {Prentice-hall Englewood Cliffs, NJ},
  volume = 18,
}
@article{dagum1998openmp,
  title = {OpenMP: an industry standard API for shared-memory programming},
  author = {Dagum, Leonardo and Menon, Ramesh},
  year = 1998,
  journal = {IEEE Computational Science and Engineering},
  publisher = {Ieee},
  volume = 5,
  number = 1,
  pages = {46--55},
}
@article{dang2018escaping,
  title = {Escaping Local Optima Using Crossover With Emergent Diversity},
  author = {Dang, Duc-Cuong and Friedrich, Tobias and Kötzing, Timo and Krejca, Martin S. and Lehre, Per Kristian and Oliveto, Pietro S. and Sudholt, Dirk and Sutton, Andrew M.},
  year = 2018,
  journal = {IEEE Transactions on Evolutionary Computation},
  volume = 22,
  number = 3,
  pages = {484--497},
  doi = {10.1109/tevc.2017.2724201},
}
@article{delmasAsymptoticResultsLength2008,
  title = {Asymptotic results on the length of coalescent trees},
  author = {Delmas, Jean-François and Dhersin, Jean-Stéphane and Siri-Jegousse, Arno},
  year = 2008,
  journal = {The Annals of Applied Probability},
  volume = 18,
  number = 3,
  pages = {997--1025},
  doi = {10.1214/07-aap476},
  issn = {1050-5164, 2168-8737},
  url = {https://projecteuclid.org/journals/annals-of-applied-probability/volume-18/issue-3/Asymptotic-results-on-the-length-of-coalescent-trees/10.1214/07-AAP476.full},
  urldate = {2023-07-10},
  note = {Publisher: Institute of Mathematical Statistics},
  journaltitle = {The Annals of Applied Probability},
  date = {2008-06},
}
@inproceedings{dolson2017spatial,
  title = {Spatial resource heterogeneity creates local hotspots of evolutionary potential},
  author = {Dolson, Emily and Ofria, Charles},
  year = 2017,
  month = {09},
  booktitle = {ECAL 2017, the Fourteenth European Conference on Artificial Life},
  pages = {122--129},
  doi = {10.1162/isal_a_023},
  url = {https://doi.org/10.1162/isal\_a\_023},
  eprint = {https://direct.mit.edu/isal/proceedings-pdf/ecal2017/29/122/1904614/isal\_a\_023.pdf},
}
@phdthesis{dolson2019constructive,
  title = {On the Constructive Power of Ecology in Open-Ended Evolving Systems},
  author = {Dolson, Emily L},
  year = 2019,
  school = {Michigan State University},
}
@article{dolson2019modes,
  title = {The MODES toolbox: Measurements of open-ended dynamics in evolving systems},
  author = {Dolson, Emily L and Vostinar, Anya E and Wiser, Michael J and Ofria, Charles},
  year = 2019,
  journal = {Artificial Life},
  publisher = {MIT Press},
  volume = 25,
  number = 1,
  pages = {50--73},
}
@article{dolson2020interpreting,
  title = {Interpreting the tape of life: ancestry-based analyses provide insights and intuition about evolutionary dynamics},
  author = {Dolson, Emily and Lalejini, Alexander and Jorgensen, Steven and Ofria, Charles},
  year = 2020,
  journal = {Artificial Life},
  publisher = {MIT Press One Rogers Street, Cambridge, MA 02142-1209, USA journals-info~…},
  volume = 26,
  number = 1,
  pages = {58--79},
}
@article{dolson2023phylotrack,
  title = {Phylotrack: C++ and Python libraries for in silico phylogenetic tracking},
  author = {Dolson, Emily and Rodriguez-Papa, Santiago and Moreno, Matthew Andres},
  year = {in review},
  journal = {Journal of Open Source Software},
  publisher = {The Open Journal},
  url = {https://github.com/openjournals/joss-reviews/issues/5754},
}
@article{dolson2023phylotrackpy,
  title = {phylotrackpy: Python phylogeny tracker for in silico evolution experiments},
  author = {Dolson, Emily and Rodriguez-Papa, Santiago and Moreno, Matthew Andres},
  year = {in review},
  journal = {Journal of Open Source Software},
}
@techreport{dongarra2014applied,
  title = {Applied mathematics research for exascale computing},
  author = {Dongarra, Jack and Hittinger, Jeffrey and Bell, John and Chacon, Luis and Falgout, Robert and Heroux, Michael and Hovland, Paul and Ng, Esmond and Webster, Clayton and Wild, Stefan},
  year = 2014,
  institution = {Lawrence Livermore National Lab.(LLNL)},
}
@article{drmotaAsymptoticResultsConcerning2007,
  title = {Asymptotic results concerning the total branch length of the Bolthausen-Sznitman coalescent},
  author = {Drmota, Michael and Iksanov, Alex and Moehle, Martin and Roesler, Uwe},
  year = 2007,
  journal = {Stochastic Processes and their Applications},
  volume = 117,
  number = 10,
  pages = {1404--1421},
  doi = {10.1016/j.spa.2007.01.011},
  issn = {0304-4149},
  url = {https://www.sciencedirect.com/science/article/pii/S030441490700018X},
  urldate = {2023-07-14},
  journaltitle = {Stochastic Processes and their Applications},
  shortjournal = {Stochastic Processes and their Applications},
  date = {2007-10-01},
  langid = {english},
}
@inproceedings{dupuis2019spread,
  title = {The spread of disinformation on the web: An examination of memes on social networking},
  author = {Dupuis, Marc J and Williams, Andrew},
  year = 2019,
  booktitle = {2019 IEEE SmartWorld, Ubiquitous Intelligence \& Computing, Advanced \& Trusted Computing, Scalable Computing \& Communications, Cloud \& Big Data Computing, Internet of People and Smart City Innovation (SmartWorld/SCALCOM/UIC/ATC/CBDCom/IOP/SCI)},
  pages = {1412--1418},
  organization = {Ieee},
}
@book{eiben2015introduction,
  title = {Introduction to Evolutionary Computing},
  author = {Eiben, A.E. and Smith, J.E.},
  year = 2015,
  publisher = {Springer},
  address = {Berlin},
  isbn = {978-3-662-44874-8},
}
@article{ellenbogen2000architectures,
  title = {Architectures for molecular electronic computers. I. Logic structures and an adder designed from molecular electronic diodes},
  author = {Ellenbogen, James C and Love, J Christopher},
  year = 2000,
  journal = {Proceedings of the IEEE},
  publisher = {Ieee},
  volume = 88,
  number = 3,
  pages = {386--426},
}
@article{ereshefsky2015rethinking,
  title = {Rethinking evolutionary individuality},
  author = {Ereshefsky, Marc and Pedroso, Makmiller},
  year = 2015,
  journal = {Proceedings of the National Academy of Sciences},
  publisher = {National Academy of Sciences},
  volume = 112,
  number = 33,
  pages = {10126--10132},
}
@article{faithConservationEvaluationPhylogenetic1992,
  title = {Conservation evaluation and phylogenetic diversity},
  author = {Faith, Daniel P.},
  year = 1992,
  journal = {Biological Conservation},
  volume = 61,
  number = 1,
  pages = {1--10},
  doi = {10.1016/0006-3207(92)91201-3},
  issn = {0006-3207},
  url = {http://www.sciencedirect.com/science/article/pii/0006320792912013},
  urldate = {2018-01-22},
  journaltitle = {Biological Conservation},
  shortjournal = {Biological Conservation},
}
@article{fincham1995use,
  title = {The use of a high resolution accident data recorder in the field},
  author = {Fincham, William F and Kast, Armin and Lambourn, Richard F},
  year = 1995,
  journal = {SAE transactions},
  publisher = {Jstor},
  pages = {627--638},
}
@article{foster2017open,
  title = {Open science framework (OSF)},
  author = {Foster, Erin D and Deardorff, Ariel},
  year = 2017,
  journal = {Journal of the Medical Library Association},
  publisher = {Medical Library Association},
  volume = 105,
  number = 2,
  pages = 203,
}
@article{fox2014herbivores,
  title = {Herbivores in a small world: network theory highlights vulnerability in the function of herbivory on coral reefs},
  author = {Fox, Rebecca J and Bellwood, David R},
  year = 2014,
  journal = {Functional Ecology},
  publisher = {Wiley Online Library},
  volume = 28,
  number = 3,
  pages = {642--651},
}
@article{fredkin1960trie,
  title = {Trie memory},
  author = {Fredkin, Edward},
  year = 1960,
  journal = {Communications of the ACM},
  publisher = {ACM New York, NY, USA},
  volume = 3,
  number = 9,
  pages = {490--499},
}
@article{frenchHostPhylogenyShapes2023,
  title = {Host phylogeny shapes viral transmission networks in an island ecosystem},
  author = {French, Rebecca K. and Anderson, Sandra H. and Cain, Kristal E. and Greene, Terry C. and Minor, Maria and Miskelly, Colin M. and Montoya, Jose M. and Wille, Michelle and Muller, Chris G. and Taylor, Michael W. and Digby, Andrew and Holmes, Edward C.},
  year = 2023,
  journal = {Nature Ecology \& Evolution},
  pages = {1--10},
  doi = {10.1038/s41559-023-02192-9},
  issn = {2397-334x},
  url = {https://www.nature.com/articles/s41559-023-02192-9},
  urldate = {2023-09-09},
  note = {Publisher: Nature Publishing Group},
  rights = {2023 The Author(s)},
  journaltitle = {Nature Ecology \& Evolution},
  shortjournal = {Nat Ecol Evol},
  langid = {english},
}
@article{friggeri2014rumor,
  title = {Rumor Cascades},
  author = {Friggeri, Adrien and Adamic, Lada and Eckles, Dean and Cheng, Justin},
  year = 2014,
  month = {May},
  journal = {Proceedings of the International AAAI Conference on Web and Social Media},
  booktitle = {proceedings of the international AAAI conference on web and social media},
  volume = 8,
  number = 1,
  pages = {101--110},
  doi = {10.1609/icwsm.v8i1.14559},
  url = {https://ojs.aaai.org/index.php/ICWSM/article/view/14559},
}
@article{fukuyama2016partial,
  title = {Partial-Match Queries with Random Wildcards: In Tries and Distributed Hash Tables},
  author = {Junichiro Fukuyama},
  year = 2016,
  journal = {CoRR},
  volume = {abs/1601.04213},
  url = {http://arxiv.org/abs/1601.04213},
  eprinttype = {arXiv},
  eprint = {1601.04213},
  timestamp = {Mon, 13 Aug 2018 16:47:00 +0200},
  biburl = {https://dblp.org/rec/journals/corr/Fukuyama16.bib},
  bibsource = {dblp computer science bibliography, https://dblp.org},
}
@article{gagliardi2019international,
  title = {The international race towards Exascale in Europe},
  author = {Gagliardi, Fabrizio and Moreto, Miquel and Olivieri, Mauro and Valero, Mateo},
  year = 2019,
  journal = {CCF Transactions on High Performance Computing},
  publisher = {Springer},
  pages = {1--11},
}
@article{gaiteri2014beyond,
  title = {Beyond modules and hubs: the potential of gene coexpression networks for investigating molecular mechanisms of complex brain disorders},
  author = {Gaiteri, Chris and Ding, Ying and French, Beverly and Tseng, George C and Sibille, Etienne},
  year = 2014,
  journal = {Genes, Brain and Behavior},
  publisher = {Wiley Online Library},
  volume = 13,
  number = 1,
  pages = {13--24},
}
@article{gerhart2007theory,
  title = {The theory of facilitated variation},
  author = {Gerhart, John and Kirschner, Marc},
  year = 2007,
  journal = {Proceedings of the National Academy of Sciences},
  publisher = {National Acad Sciences},
  volume = 104,
  number = {suppl 1},
  pages = {8582--8589},
}
@article{giardina2017inference,
  title = {Inference of transmission network structure from HIV phylogenetic trees},
  author = {Giardina, Federica and Romero-Severson, Ethan Obie and Albert, Jan and Britton, Tom and Leitner, Thomas},
  year = 2017,
  journal = {PLoS computational biology},
  publisher = {Public Library of Science San Francisco, CA USA},
  volume = 13,
  number = 1,
  pages = {e1005316},
}
@article{gilbert2015artificial,
  title = {Artificial Intelligence is here to help you pick the right shoes},
  author = {Gilbert, David},
  year = 2015,
  month = 10,
  journal = {International Business Times},
  publisher = {IBT Media},
  url = {https://www.ibtimes.com/artificial-intelligence-here-help-you-pick-right-shoes-2144114},
}
@article{giribet2007efficient,
  title = {Efficient tree searches with available algorithms},
  author = {Giribet, Gonzalo},
  year = 2007,
  journal = {Evolutionary Bioinformatics},
  publisher = {SAGE Publications Sage UK: London, England},
  volume = 3,
  pages = 117693430700300014,
}
@article{gnedinLcoalescentsSurvey2014,
  title = {{{$\lambda$}}-coalescents: a survey},
  author = {Gnedin, Alexander and Iksanov, Alexander and Marynych, Alexander},
  year = 2014,
  journal = {Journal of Applied Probability},
  volume = 51,
  pages = {23--40},
  doi = {10.1239/jap/1417528464},
  issn = {0021-9002, 1475-6072},
  url = {https://www.cambridge.org/core/journals/journal-of-applied-probability/article/coalescents-a-survey/FA2909DB6A6F3F6E9E523C81E570EE67},
  urldate = {2023-07-14},
  note = {Publisher: Cambridge University Press},
  issue = {A},
  journaltitle = {Journal of Applied Probability},
  date = {2014-12},
  langid = {english},
}
@inproceedings{godin2019apoget,
  title = {APOGeT: Automated phylogeny over geological timescales},
  author = {Godin-Dubois, Kevin and Cussat-Blanc, Sylvain and Duthen, Yves},
  year = 2019,
  booktitle = {ALIFE 2019 (MethAL workshop)},
}
@inproceedings{goldsby2010evolution,
  title = {Evolution of division of labor in genetically homogenous groups},
  author = {Goldsby, Heather J and Knoester, David B and Ofria, Charles},
  year = 2010,
  booktitle = {Proceedings of the 12th Annual Conference on Genetic and Evolutionary Computation},
  publisher = {Acm},
  address = {New York, NY},
  pages = {135--142},
  editor = {Pelikan, Martin and Branke, J{\"u}rgen},
}
@inproceedings{goldsby2012evolution,
  title = {The evolution of temporal polyethism},
  author = {Goldsby, Heather J and Serra, Neem and Dyer, Fred and Kerr, Benjamin and Ofria, Charles},
  year = 2012,
  booktitle = {Artificial Life Conference Proceedings 12},
  pages = {178--185},
  organization = {MIT Press},
}
@article{goldsby2012task,
  title = {Task-switching costs promote the evolution of division of labor and shifts in individuality},
  author = {Goldsby, Heather J and Dornhaus, Anna and Kerr, Benjamin and Ofria, Charles},
  year = 2012,
  journal = {Proceedings of the National Academy of Sciences},
  publisher = {National Acad Sciences},
  volume = 109,
  number = 34,
  pages = {13686--13691},
}
@article{goldsby2014evolutionary,
  title = {The Evolutionary Origin of Somatic Cells under the Dirty Work Hypothesis},
  author = {Goldsby, Heather J. AND Knoester, David B. AND Ofria, Charles AND Kerr, Benjamin},
  year = 2014,
  month = {05},
  journal = {PLOS Biology},
  publisher = {Public Library of Science},
  volume = 12,
  number = 5,
  pages = {1--11},
  doi = {10.1371/journal.pbio.1001858},
  url = {https://doi.org/10.1371/journal.pbio.1001858},
}
@inproceedings{goldsby2017increasing,
  title = {Increasing the complexity of solutions produced by an evolutionary developmental system},
  author = {Goldsby, Heather J and Young, Rebecca L and Hofmann, Hans A and Hintze, Arend},
  year = 2017,
  booktitle = {Proceedings of the Genetic and Evolutionary Computation Conference Companion},
  location = {Portland, OR},
  publisher = {Acm},
  address = {New York, NY},
  pages = {57--58},
  editor = {Pelikan, Martin and Branke, J{\"u}rgen},
}
@article{goldsby2020major,
  title = {Major Transitions in Digital Evolution},
  author = {Goldsby, Heather and Kerr, Benjamin and Ofria, Charles},
  year = 2020,
  journal = {Evolution in Action: Past, Present and Future: A Festschrift in Honor of Erik D. Goodman},
  booktitle = {Evolution in Action: Past, Present and Future},
  publisher = {Springer},
  pages = {333--347},
}
@article{good2017dynamics,
  title = {The dynamics of molecular evolution over 60,000 generations},
  author = {Good, Benjamin H and McDonald, Michael J and Barrick, Jeffrey E and Lenski, Richard E and Desai, Michael M},
  year = 2017,
  journal = {Nature},
  publisher = {Nature Publishing Group},
  volume = 551,
  number = 7678,
  pages = {45--50},
}
@article{gropp1996high,
  title = {A high-performance, portable implementation of the MPI message passing interface standard},
  author = {Gropp, William and Lusk, Ewing and Doss, Nathan and Skjellum, Anthony},
  year = 1996,
  journal = {Parallel computing},
  publisher = {North-Holland},
  volume = 22,
  number = 6,
  pages = {789--828},
}
@article{gropp2013programming,
  title = {Programming for exascale computers},
  author = {Gropp, William and Snir, Marc},
  year = 2013,
  journal = {Computing in Science \& Engineering},
  publisher = {Ieee},
  volume = 15,
  number = 6,
  pages = {27--35},
}
@inproceedings{hadiatna2016design,
  title = {Design and implementation of data logger using lossless data compression method for Internet of Things},
  author = {Hadiatna, Febrian and Hindersah, Hilwadi and Yolanda, Desta and Triawan, Muhammad Agus},
  year = 2016,
  booktitle = {2016 6th International Conference on System Engineering and Technology (ICSET)},
  pages = {105--108},
  organization = {Ieee},
}
@inproceedings{harding2007fast_ieee,
  title = {Fast genetic programming and artificial developmental systems on GPUs},
  author = {Harding, Simon and Banzhaf, Wolfgang},
  year = 2007,
  booktitle = {21st International Symposium on High Performance Computing Systems and Applications (HPCS'07)},
  pages = {1--7},
  organization = {Ieee},
}
@inproceedings{harding2007fast_springer,
  title = {Fast genetic programming on GPUs},
  author = {Harding, Simon and Banzhaf, Wolfgang},
  year = 2007,
  booktitle = {European Conference on Genetic Programming},
  pages = {90--101},
  organization = {Springer},
}
@article{heinemann2008artificial,
  title = {Artificial Life Environment},
  author = {Heinemann, Christian},
  year = 2008,
  journal = {Informatik-Spektrum},
  publisher = {Springer},
  volume = 31,
  number = 1,
  pages = {55--61},
}
@article{heldens2020landscape,
  title = {The Landscape of Exascale Research: A Data-Driven Literature Analysis},
  author = {Heldens, Stijn and Hijma, Pieter and Werkhoven, Ben Van and Maassen, Jason and Belloum, Adam S. Z. and Van Nieuwpoort, Rob V.},
  year = 2020,
  month = {mar},
  journal = {ACM Comput. Surv.},
  publisher = {Association for Computing Machinery},
  address = {New York, NY, USA},
  volume = 53,
  number = 2,
  doi = {10.1145/3372390},
  issn = {0360-0300},
  url = {https://doi.org/10.1145/3372390},
  issue_date = {March 2021},
  articleno = 23,
  numpages = 43,
}
@book{hennessy2011computer,
  title = {Computer architecture: a quantitative approach},
  author = {Hennessy, John L and Patterson, David A},
  year = 2011,
  publisher = {Elsevier},
}
@incollection{hernandez2022can,
  title = {What can phylogenetic metrics tell us about useful diversity in evolutionary algorithms?},
  author = {Hernandez, Jose Guadalupe and Lalejini, Alexander and Dolson, Emily},
  year = 2022,
  booktitle = {Genetic programming theory and practice XVIII},
  publisher = {Springer},
  pages = {63--82},
}
@misc{hodjat2013distributed,
  title = {Distributed evolutionary algorithm for asset management and trading},
  author = {Hodjat, Babak and Shahrzad, Hormoz},
  year = 2013,
  month = {09},
  publisher = {Google Patents},
  note = {US Patent 8,527,433},
}
@inproceedings{hornby2005measuring,
  title = {Measuring, enabling and comparing modularity, regularity and hierarchy in evolutionary design},
  author = {Hornby, Gregory S},
  year = 2005,
  booktitle = {Proceedings of the 7th Annual Conference on Genetic and Evolutionary Computation},
  pages = {1729--1736},
}
@incollection{hornby2006automated,
  title = {Automated antenna design with evolutionary algorithms},
  author = {Hornby, Gregory and Globus, Al and Linden, Derek and Lohn, Jason},
  year = 2006,
  booktitle = {Space 2006},
  publisher = {American Institute of Aeronautics and Astronautics},
  pages = 7242,
}
@article{hu2016storage,
  title = {Storage wall for exascale supercomputing},
  author = {Hu, Wei and Liu, Guang-ming and Li, Qiong and Jiang, Yan-huang and Cai, Gui-lin},
  year = 2016,
  journal = {Frontiers of Information Technology \& Electronic Engineering},
  publisher = {Springer},
  volume = 17,
  number = 11,
  pages = {1154--1175},
}
@article{huizinga2018emergence,
  title = {The emergence of canalization and evolvability in an open-ended, interactive evolutionary system},
  author = {Huizinga, Joost and Stanley, Kenneth O and Clune, Jeff},
  year = 2018,
  journal = {Artificial Life},
  publisher = {MIT Press},
  volume = 24,
  number = 3,
  pages = {157--181},
}
@article{iyer2022wind,
  title = {Wind dispersal of battery-free wireless devices},
  author = {Iyer, Vikram and Gaensbauer, Hans and Daniel, Thomas L and Gollakota, Shyamnath},
  year = 2022,
  journal = {Nature},
  publisher = {Nature Publishing Group UK London},
  volume = 603,
  number = 7901,
  pages = {427--433},
}
@article{jain2022survey,
  title = {A survey on event-driven and query-driven hierarchical routing protocols for mobile sink-based wireless sensor networks},
  author = {Jain, S. and Verma, R.K. and Pattanaik, K.K. and others},
  year = 2022,
  journal = {Journal of Supercomputing},
  volume = 78,
  pages = {11492--11538},
  doi = {10.1007/s11227-022-04327-4},
  url = {https://doi.org/10.1007/s11227-022-04327-4},
}
@book{jefferson1990evolution,
  title = {Evolution as a theme in artificial life: The genesys/tracker system},
  author = {Jefferson, David and Collins, Robert and Cooper, Claus and Dyer, Michael and Flowers, Margot and Korf, Richard and Taylor, Charles and Wang, Alan},
  year = 1990,
  publisher = {University of California (Los Angeles). Computer Science Department},
}
@inproceedings{jouppi2017datacenter,
  title = {In-datacenter performance analysis of a tensor processing unit},
  author = {Jouppi, Norman P and Young, Cliff and Patil, Nishant and Patterson, David and Agrawal, Gaurav and Bajwa, Raminder and Bates, Sarah and Bhatia, Suresh and Boden, Nan and Borchers, Al and others},
  year = 2017,
  booktitle = {Proceedings of the 44th Annual International Symposium on Computer Architecture},
  pages = {1--12},
}
@inproceedings{khan2021analysis,
  title = {An analysis of system balance and architectural trends based on top500 supercomputers},
  author = {Khan, Awais and Sim, Hyogi and Vazhkudai, Sudharshan S and Butt, Ali R and Kim, Youngjae},
  year = 2021,
  booktitle = {The International Conference on High Performance Computing in Asia-Pacific Region},
  pages = {11--22},
}
@article{kim2005spatiotemporal,
  title = {Spatiotemporal sequence matching for efficient video copy detection},
  author = {Kim, Changick and Vasudev, Bhaskaran},
  year = 2005,
  journal = {IEEE Transactions on Circuits and Systems for Video Technology},
  publisher = {Ieee},
  volume = 15,
  number = 1,
  pages = {127--132},
}
@article{kim2006discovery,
  title = {Discovery of a new source of rifamycin antibiotics in marine sponge actinobacteria by phylogenetic prediction},
  author = {Kim, Tae Kyung and Hewavitharana, Amitha K and Shaw, P Nicholas and Fuerst, John A},
  year = 2006,
  journal = {Applied and environmental microbiology},
  publisher = {Am Soc Microbiol},
  volume = 72,
  number = 3,
  pages = {2118--2125},
}
@article{kingmanCoalescent1982,
  title = {The coalescent},
  author = {Kingman, J. F. C.},
  year = 1982,
  journal = {Stochastic Processes and their Applications},
  volume = 13,
  number = 3,
  pages = {235--248},
  doi = {https://doi.org/10.1016/0304-4149(82)90011-4},
  issn = {0304-4149},
  url = {https://www.sciencedirect.com/science/article/pii/0304414982900114},
  journaltitle = {Stochastic Processes and their Applications},
  date = 1982,
}
@article{kirschner1998evolvability,
  title = {Evolvability},
  author = {Kirschner, Marc and Gerhart, John},
  year = 1998,
  journal = {Proceedings of the National Academy of Sciences},
  publisher = {National Acad Sciences},
  volume = 95,
  number = 15,
  pages = {8420--8427},
}
@article{kogge2013exascale,
  title = {Exascale computing trends: Adjusting to the" new normal"'for computer architecture},
  author = {Kogge, Peter and Shalf, John},
  year = 2013,
  journal = {Computing in Science \& Engineering},
  publisher = {Ieee},
  volume = 15,
  number = 6,
  pages = {16--26},
}
@article{koza1994genetic,
  title = {Genetic programming as a means for programming computers by natural selection},
  author = {Koza, John R},
  year = 1994,
  journal = {Statistics and computing},
  publisher = {Springer},
  volume = 4,
  pages = {87--112},
}
@article{krizhevsky2012imagenet,
  title = {Imagenet classification with deep convolutional neural networks},
  author = {Krizhevsky, Alex and Sutskever, Ilya and Hinton, Geoffrey E},
  year = 2012,
  journal = {Advances in neural information processing systems},
  volume = 25,
  pages = {1097--1105},
}
@techreport{kuffner2009space,
  title = {Space-Filling Trees},
  author = {Kuffner, James J and LaValle, Steven M},
  year = 2010,
  number = {Cmu-ri-tr-09-47},
  pages = 9,
  group = {The Robotics Institute},
  institution = {Carnegie Mellon University},
}
@article{kunkel2014exascale,
  title = {Exascale storage systems: an analytical study of expenses},
  author = {Kunkel, Julian Martin and Kuhn, Michael and Ludwig, Thomas},
  year = 2014,
  journal = {Supercomputing frontiers and innovations},
  publisher = {Publishing Center of South Ural State University},
  volume = 1,
  number = 1,
  pages = {116--134},
}
@inproceedings{lalejini2016evolutionary,
  title = {The evolutionary origins of phenotypic plasticity},
  author = {Lalejini, Alexander and Ofria, Charles},
  year = 2016,
  booktitle = {Proceedings of the Artificial Life Conference 2016},
  publisher = {MIT Press},
  address = {Cambridge, MA},
  pages = {372--379},
  doi = {10.7551/978-0-262-33936-0-ch063},
  isbn = {978-0-262-33936-0},
  editor = {Gershenson, Carlos and Froese, Tom and Siqueiros, J. Mario and Aguilar, Wendy and Izquierdo, Eduardo and Sayama, Hiroki},
}
@inproceedings{lalejini2018evolving,
  title = {Evolving event-driven programs with SignalGP},
  author = {Lalejini, Alexander and Ofria, Charles},
  year = 2018,
  booktitle = {Proceedings of the Genetic and Evolutionary Computation Conference},
  pages = {1135--1142},
}
@misc{lalejini2020case,
  title = {Case Study of Adaptive Gene Regulation in DISHTINY},
  author = {Lalejini, Alexander and Moreno, Matthew A and Ofria, Charles},
  year = 2020,
  month = {Jun},
  publisher = {Osf},
  doi = {10.17605/osf.io/kqvmn},
  url = {osf.io/kqvmn},
  note = {Preprint via Open Science Framework at \url{https://osf.io/kqvmn}.},
}
@article{lalejini2021tag,
  title = {Tag-based regulation of modules in genetic programming improves context-dependent problem solving},
  author = {Lalejini, Alexander and Moreno, Matthew Andres and Ofria, Charles},
  year = 2021,
  month = jul,
  journal = {Genetic Programming and Evolvable Machines},
  publisher = {Springer},
  volume = 22,
  number = 3,
  pages = {325--355},
  doi = {10.1007/s10710-021-09406-8},
  issn = {1389-2576, 1573-7632},
  url = {https://link.springer.com/10.1007/s10710-021-09406-8},
  urldate = {2021-07-10},
  copyright = {All rights reserved},
  language = {en},
}
}
@inproceedings{lalejini2024methods,
  title = {Methods for Rich Phylogenetic Inference Over Distributed Sexual Populations},
  author = {Lalejini, Alexander and Moreno, Matthew Andres and Guadalupe Hernandez, Jose and Dolson, Emily},
  year = {in print},
  booktitle = {Genetic Programming Theory and Practice XX},
  publisher = {Springer International Publishing},
  isbn = {978-981-99-8413-8},
  editor = {Winkler, Stephan and Trujillo, Leonardo and Ofria, Charles and Hu, Ting},
}
@incollection{lalejini2024phylogeny,
  title = {Phylogeny-Informed Fitness Estimation for Test-Based Parent Selection},
  author = {Lalejini, Alexander and Moreno, Matthew Andres and Hernandez, Jose Guadalupe and Dolson, Emily},
  year = 2024,
  booktitle = {Genetic Programming Theory and Practice XX},
  publisher = {Springer International Publishing},
  pages = {241--261},
  doi = {10.1007/978-981-99-8413-8_13},
  isbn = {978-981-99-8413-8},
  url = {https://doi.org/10.1007/978-981-99-8413-8_13},
  editor = {Winkler, Stephan and Trujillo, Leonardo and Ofria, Charles and Hu, Ting},
}
@misc{lalejini2024runtime,
  title = {Runtime phylogenetic analysis enables extreme subsampling for test-based problems},
  author = {Alexander Lalejini and Marcos Sanson and Jack Garbus and Matthew Andres Moreno and Emily Dolson},
  year = 2024,
  publisher = {arXiv},
  doi = {h10.48550/arXiv.2402.01610},
  url = {https://arxiv.org/abs/2402.01610},
  copyright = {arXiv.org perpetual, non-exclusive license},
  eprint = {2402.01610},
  archiveprefix = {arXiv},
  primaryclass = {cs.NE},
}
@inproceedings{langdon2019continuous,
  title = {Continuous long-term evolution of genetic programming},
  author = {Langdon, William B and Banzhaf, Wolfgang},
  year = 2019,
  booktitle = {ALIFE 2019: The 2019 Conference on Artificial Life},
  pages = {388--395},
  organization = {MIT Press},
}
@article{lauterbach2021path,
  title = {The Path to Successful Wafer-Scale Integration: The Cerebras Story},
  author = {Lauterbach, Gary},
  year = 2021,
  journal = {IEEE Micro},
  volume = 41,
  number = 6,
  pages = {52--57},
  doi = {10.1109/mm.2021.3112025},
}
@article{lee2012modular,
  title = {A modular 1 mm$^3 $die-stacked sensing platform with low power $I^2$C inter-die communication and multi-modal energy harvesting},
  author = {Lee, Yoonmyung and Bang, Suyoung and Lee, Inhee and Kim, Yejoong and Kim, Gyouho and Ghaed, Mohammad Hassan and Pannuto, Pat and Dutta, Prabal and Sylvester, Dennis and Blaauw, David},
  year = 2012,
  journal = {IEEE Journal of Solid-State Circuits},
  publisher = {Ieee},
  volume = 48,
  number = 1,
  pages = {229--243},
}
@inproceedings{lee2015review,
  title = {A review of recent research on mm-scale sensor systems},
  author = {Lee, Yoonmyung},
  year = 2015,
  booktitle = {2015 International SoC Design Conference (ISOCC)},
  pages = {87--88},
  organization = {Ieee},
}
@inproceedings{legenstein2001optimizing,
  title = {Optimizing the Layout of a Balanced Tree},
  author = {Legenstein, Robert A and Maass, Wolfgang},
  year = 2001,
  booktitle = {Electronic Colloquium on Computational Complexity (ECCC)},
  volume = 8,
  number = {069},
}
@article{lehman2011abandoning,
  title = {Abandoning objectives: Evolution through the search for novelty alone},
  author = {Lehman, Joel and Stanley, Kenneth O},
  year = 2011,
  journal = {Evolutionary Computation},
  publisher = {MIT Press},
  volume = 19,
  number = 2,
  pages = {189--223},
}
@inproceedings{lehman2012beyond,
  title = {Beyond open-endedness: Quantifying impressiveness},
  author = {Lehman, Joel and Stanley, Kenneth O},
  year = 2012,
  booktitle = {ALIFE 2012: The Thirteenth International Conference on the Synthesis and Simulation of Living Systems},
  pages = {75--82},
  organization = {MIT Press},
}
@phdthesis{lehman2012evolution,
  title = {Evolution through the Search for Novelty},
  author = {Lehman, Joel},
  year = 2012,
  school = {University of Central Florida},
}
@article{lehman2013evolvability,
  title = {Evolvability is inevitable: Increasing evolvability without the pressure to adapt},
  author = {Lehman, Joel and Stanley, Kenneth O},
  year = 2013,
  journal = {PloS One},
  publisher = {Public Library of Science San Francisco, USA},
  volume = 8,
  number = 4,
  pages = {e62186},
}
@article{lenski2003evolutionary,
  title = {The evolutionary origin of complex features},
  author = {Lenski, Richard E and Ofria, Charles and Pennock, Robert T and Adami, Christoph},
  year = 2003,
  journal = {Nature},
  publisher = {Nature Publishing Group UK London},
  volume = 423,
  number = 6936,
  pages = {139--144},
}
@article{lewinsohnStatedependentEvolutionaryModels2023a,
  title = {State-dependent evolutionary models reveal modes of solid tumour growth},
  author = {Lewinsohn, Maya A. and Bedford, Trevor and Müller, Nicola F. and Feder, Alison F.},
  year = 2023,
  journal = {Nature Ecology \& Evolution},
  volume = 7,
  number = 4,
  pages = {581--596},
  doi = {10.1038/s41559-023-02000-4},
  issn = {2397-334x},
  url = {https://www.nature.com/articles/s41559-023-02000-4},
  urldate = {2023-10-02},
  rights = {2023 This is a U.S. Government work and not under copyright protection in the {US}; foreign copyright protection may apply},
  journaltitle = {Nature Ecology \& Evolution},
  shortjournal = {Nat Ecol Evol},
  langid = {english},
}
@article{libennowell2008tracing,
  title = {Tracing Information Flow on a Global Scale Using Internet Chain-Letter Data},
  author = {David Liben-Nowell and Jon Kleinberg},
  year = 2008,
  journal = {Proceedings of the National Academy of Sciences},
  volume = 105,
  number = 12,
  pages = {4633--4638},
  doi = {10.1073/pnas.0708471105},
  url = {https://www.pnas.org/doi/abs/10.1073/pnas.0708471105},
  eprint = {https://www.pnas.org/doi/pdf/10.1073/pnas.0708471105},
}
@inproceedings{lie2022cerebras,
  title = {Cerebras architecture deep dive: First look inside the hw/sw co-design for deep learning: Cerebras systems},
  author = {Lie, Sean},
  year = 2022,
  booktitle = {2022 IEEE Hot Chips 34 Symposium (HCS)},
  pages = {1--34},
  organization = {IEEE Computer Society},
}
@inproceedings{lin1994coarse,
  title = {Coarse-grain parallel genetic algorithms: Categorization and new approach},
  author = {Lin, Shyh Chang and Punch, William F and Goodman, Erik D},
  year = 1994,
  booktitle = {Proceedings of the Sixth Institute of Electrical and Electronics Engineers Symposium on Parallel and Distributed Processing},
  location = {Dallas, TX},
  publisher = {Ieee},
  address = {New York, NY},
  pages = {28--37},
}
@article{ling2021dissecting,
  title = {Dissecting the Meme Magic: Understanding Indicators of Virality in Image Memes},
  author = {Ling, Chen and AbuHilal, Ihab and Blackburn, Jeremy and De Cristofaro, Emiliano and Zannettou, Savvas and Stringhini, Gianluca},
  year = 2021,
  month = {apr},
  journal = {Proc. ACM Hum.-Comput. Interact.},
  publisher = {Association for Computing Machinery},
  address = {New York, NY, USA},
  volume = 5,
  number = {Cscw1},
  doi = {10.1145/3449155},
  url = {https://doi.org/10.1145/3449155},
  issue_date = {April 2021},
  articleno = 81,
  numpages = 24,
}
@article{lipson2007principles,
  title = {Principles of modularity, regularity, and hierarchy for scalable systems},
  author = {Lipson, Hod and others},
  year = 2007,
  journal = {Journal of Biological Physics and Chemistry},
  volume = 7,
  number = 4,
  pages = {125--128},
}
@inbook{Lu2013,
  title = {Edge Betweenness Centrality},
  author = {Lu, LongJason and Zhang, Minlu},
  year = 2013,
  booktitle = {Encyclopedia of Systems Biology},
  publisher = {Springer New York},
  address = {New York, NY},
  pages = {647--648},
  doi = {10.1007/978-1-4419-9863-7_874},
  isbn = {978-1-4419-9863-7},
  url = {https://doi.org/10.1007/978-1-4419-9863-7_874},
  editor = {Dubitzky, Werner and Wolkenhauer, Olaf and Cho, Kwang-Hyun and Yokota, Hiroki},
}
@article{luharuka2003design,
  title = {Design and realization of a portable data logger for physiological sensing [GSR]},
  author = {Luharuka, R. and Gao, R.X. and Krishnamurty, S.},
  year = 2003,
  journal = {IEEE Transactions on Instrumentation and Measurement},
  volume = 52,
  number = 4,
  pages = {1289--1295},
  doi = {10.1109/tim.2003.816808},
}
@article{lum2019research,
  title = {Research on body-worn cameras: What we know, what we need to know},
  author = {Lum, Cynthia and Stoltz, Megan and Koper, Christopher S and Scherer, J Amber},
  year = 2019,
  journal = {Criminology \& public policy},
  publisher = {Wiley Online Library},
  volume = 18,
  number = 1,
  pages = {93--118},
}
@article{lynch2007frailty,
  title = {The frailty of adaptive hypotheses for the origins of organismal complexity},
  author = {Lynch, Michael},
  year = 2007,
  journal = {Proceedings of the National Academy of Sciences},
  publisher = {National Acad Sciences},
  volume = 104,
  number = {suppl 1},
  pages = {8597--8604},
}
@article{mahzan2017design,
  title = {Design and development of an arduino based data logger for photovoltaic monitoring system},
  author = {Mahzan, Najwa Nasuha and Omar, AM and Rimon, L and Noor, SZ Mohammad and Rosselan, MZ},
  year = 2017,
  journal = {Int. J. Simul. Syst. Sci. Technol},
  volume = 17,
  number = 41,
  pages = {15--1},
}
@article{markov2014limits,
  title = {Limits on fundamental limits to computation},
  author = {Markov, Igor L},
  year = 2014,
  journal = {Nature},
  publisher = {Nature Publishing Group},
  volume = 512,
  number = 7513,
  pages = {147--154},
}
@inproceedings{mckee2004reflections,
  title = {Reflections on the memory wall},
  author = {McKee, Sally A},
  year = 2004,
  booktitle = {Proceedings of the 1st conference on Computing frontiers},
  pages = 162,
}
@article{mcphee2018detailed,
  title = {A detailed analysis of a PushGP run},
  author = {McPhee, Nicholas Freitag and Finzel, Mitchell D and Casale, Maggie M and Helmuth, Thomas and Spector, Lee},
  year = 2018,
  journal = {Genetic Programming Theory and Practice XIV},
  publisher = {Springer},
  pages = {65--83},
}
@book{mehta2018handbook,
  title = {Handbook of data structures and applications},
  author = {Mehta, Dinesh P and Sahni, Sartaj},
  year = 2018,
  publisher = {Taylor \& Francis},
}
@book{miaoulis2008intelligent,
  title = {Intelligent Scene Modelling Information Systems},
  author = {Miaoulis, Georgios and Plemenos, Dimitri},
  year = 2008,
  publisher = {Springer},
  volume = 181,
}
@techreport{microchip2014atiny20,
  title = {ATtiny20 8-bit AVR Microcontroller Datasheet},
  author = {Microchip Technology Inc.},
  year = 2014,
  url = {https://ww1.microchip.com/downloads/en/devicedoc/atmel-8235-8-bit-avr-microcontroller-attiny20_datasheet.pdf},
  note = {Accessed: 2023-07-08},
  institution = {Microchip Technology Inc.},
}
@incollection{miikkulainen2019evolving,
  title = {Evolving deep neural networks},
  author = {Miikkulainen, Risto and Liang, Jason and Meyerson, Elliot and Rawal, Aditya and Fink, Daniel and Francon, Olivier and Raju, Bala and Shahrzad, Hormoz and Navruzyan, Arshak and Duffy, Nigel and others},
  year = 2019,
  booktitle = {Artificial Intelligence in the Age of Neural Networks and Brain Computing},
  publisher = {Elsevier},
  pages = {293--312},
}
@incollection{miikkulainen2024evolving,
  title = {Evolving deep neural networks},
  author = {Miikkulainen, Risto and Liang, Jason and Meyerson, Elliot and Rawal, Aditya and Fink, Dan and Francon, Olivier and Raju, Bala and Shahrzad, Hormoz and Navruzyan, Arshak and Duffy, Nigel and others},
  year = 2024,
  booktitle = {Artificial intelligence in the age of neural networks and brain computing},
  publisher = {Elsevier},
  pages = {269--287},
}
@inproceedings{mollah2018comparative,
  title = {A comparative study of topology design approaches for HPC interconnects},
  author = {Mollah, Md Atiqul and Faizian, Peyman and Rahman, Md Shafayat and Yuan, Xin and Pakin, Scott and Lang, Mike},
  year = 2018,
  booktitle = {2018 18th IEEE/ACM International Symposium on Cluster, Cloud and Grid Computing (CCGRID)},
  pages = {392--401},
  organization = {Ieee},
}
@inproceedings{moreno2018learning,
  title = {Learning an Evolvable Genotype-Phenotype Mapping},
  author = {Moreno, Matthew Andres and Banzhaf, Wolfgang and Ofria, Charles},
  year = 2018,
  booktitle = {Proceedings of the Genetic and Evolutionary Computation Conference},
  location = {Kyoto, Japan},
  publisher = {Association for Computing Machinery},
  address = {New York, NY, USA},
  series = {Gecco '18},
  pages = {983--990},
  doi = {10.1145/3205455.3205597},
  isbn = 9781450356183,
  url = {https://doi.org/10.1145/3205455.3205597},
  numpages = 8,
}
@inproceedings{moreno2018understanding,
  title = {Understanding Fraternal Transitions in Individuality},
  author = {Moreno, Matthew Andres and Ofria, Charles},
  year = 2018,
  booktitle = {OEE3: The Third Workshop on Open-Ended Evolution},
  location = {Tokyo, Japan},
  url = {http://workshops.alife.org/oee3/papers/moreno-oee3-final.pdf},
  numpages = 8,
}
@misc{moreno2019evaluating,
  title = {Evaluating Function Dispatch Methods in SignalGP},
  author = {Moreno, Matthew A},
  year = 2019,
  month = {Dec},
  publisher = {Osf},
  doi = {10.17605/osf.io/rmkcv},
  url = {osf.io/rmkcv},
  note = {Preprint via Open Science Framework at \url{https://osf.io/rmkcv}.},
}
@article{moreno2019toward,
  title = {Toward Open-Ended Fraternal Transitions in Individuality},
  author = {Moreno, Matthew Andres and Ofria, Charles},
  year = 2019,
  month = {05},
  journal = {Artificial Life},
  publisher = {MIT Press},
  volume = 25,
  number = 2,
  pages = {117--133},
  doi = {10.1162/artl_a_00284},
  issn = {1064-5462},
  url = {https://doi.org/10.1162/artl\_a\_00284},
  eprint = {https://direct.mit.edu/artl/article-pdf/25/2/117/1896700/artl\_a\_00284.pdf},
}
@misc{moreno2020practical,
  title = {Practical Steps Toward Indefinite Scalability: In Pursuit of Robust Computational Substrates for Open-Ended Evolution},
  author = {Moreno, Matthew A and Ofria, Charles},
  year = 2020,
  month = {Jun},
  publisher = {Osf},
  doi = {10.17605/osf.io/53vgh},
  url = {osf.io/53vgh},
  note = {Preprint via Open Science Framework at \url{https://osf.io/53vgh}.},
}
@misc{moreno2020profiling,
  title = {Profiling Foundations for Scalable Digital Evolution Methods},
  author = {Moreno, Matthew A},
  year = 2020,
  month = {Jul},
  publisher = {Osf},
  doi = {10.17605/osf.io/tcjfy},
  url = {osf.io/tcjfy},
  note = {Preprint via Open Science Framework at \url{https://osf.io/tcjfy}.},
}
@inproceedings{moreno2021case,
  title = {Case Study of Novelty, Complexity, and Adaptation in a Multicellular System},
  author = {Moreno, Matthew Andres and Papa, Santiago Rodriguez and Ofria, Charles},
  year = 2021,
  booktitle = {OEE4: The Fourth Workshop on Open-Ended Evolution},
  location = {Prague, Czech Republic},
  url = {http://workshops.alife.org/oee4/papers/moreno-oee4-camera-ready.pdf},
  numpages = 9,
}
@inproceedings{moreno2021conduit,
  title = {Conduit: A C++ Library for Best-Effort High Performance Computing},
  author = {Moreno, Matthew Andres and Papa, Santiago Rodriguez and Ofria, Charles},
  year = 2021,
  booktitle = {Proceedings of the Genetic and Evolutionary Computation Conference Companion},
  location = {Lille, France},
  publisher = {Association for Computing Machinery},
  address = {New York, NY, USA},
  series = {Gecco '21},
  pages = {1795--1800},
  doi = {10.1145/3449726.3463205},
  isbn = 9781450383516,
  url = {https://doi.org/10.1145/3449726.3463205},
  numpages = 6,
}
@inproceedings{moreno2021conduit_hpcs,
  title = {Conduit: A C++ Library for Best-Effort High Performance Computing},
  author = {Moreno, Matthew Andres and Papa, Santiago Rodriguez and Ofria, Charles},
  year = 2021,
  booktitle = {The 6th International Workshop on Modeling and Simulation of and by Parallel and Distributed Systems (MSPDS 2020)},
  location = {Barcelona, Sapin},
  series = {Hpcs 2021},
  numpages = 2,
}
@misc{moreno2021signalgp,
  title = {SignalGP-Lite: Event Driven Genetic Programming Library for Large-Scale Artificial Life Applications},
  author = {Moreno, Matthew Andres and Papa, Santiago Rodriguez and Lalejini, Alexander and Ofria, Charles},
  year = 2021,
  publisher = {arXiv},
  doi = {10.48550/arxiv.2108.00382},
  url = {https://arxiv.org/abs/2108.00382},
  copyright = {arXiv.org perpetual, non-exclusive license},
}
@misc{moreno2022best,
  title = {Best-Effort Communication Improves Performance and Scales Robustly on Conventional Hardware},
  author = {Moreno, Matthew Andres and Ofria, Charles},
  year = 2022,
  publisher = {arXiv},
  doi = {10.48550/arxiv.2211.10897},
  url = {https://arxiv.org/abs/2211.10897},
  copyright = {arXiv.org perpetual, non-exclusive license},
}
@phdthesis{moreno2022engineering,
  title = {Engineering Scalable Digital Models to Study Major Transitions in Evolution},
  author = {Moreno, Matthew A.},
  year = 2022,
  journal = {ProQuest Dissertations and Theses},
  publisher = {Michigan State University},
  pages = 379,
  isbn = 9798358499232,
  url = {http://ezproxy.msu.edu/login?url=https://www.proquest.com/dissertations-theses/engineering-scalable-digital-models-study-major/docview/2754890561/se-2},
  note = {Copyright - Database copyright ProQuest LLC; ProQuest does not claim copyright in the individual underlying works; Last updated - 2022-12-27},
  language = {English},
}
@article{moreno2022exploring,
  title = {Exploring Evolved Multicellular Life Histories in a Open-Ended Digital Evolution System},
  author = {Moreno, Matthew Andres and Ofria, Charles},
  year = 2022,
  journal = {Frontiers in Ecology and Evolution},
  volume = 10,
  doi = {10.3389/fevo.2022.750837},
  issn = {2296-701x},
  url = {https://www.frontiersin.org/articles/10.3389/fevo.2022.750837},
}
@inproceedings{moreno2022hereditary,
  title = {Hereditary Stratigraphy: Genome Annotations to Enable Phylogenetic Inference over Distributed Populations},
  author = {Moreno, Matthew Andres and Dolson, Emily and Ofria, Charles},
  year = 2022,
  month = {07},
  booktitle = {Proceedings of the Genetic and Evolutionary Computation Conference Companion},
  series = {ALIFE 2022: The 2022 Conference on Artificial Life},
  volume = {ALIFE 2022: The 2022 Conference on Artificial Life},
  pages = 64,
  doi = {10.1162/isal_a_00550},
  url = {https://doi.org/10.1162/isal\_a\_00550},
  eprint = {https://direct.mit.edu/isal/proceedings-pdf/isal/34/64/2035363/isal\_a\_00550.pdf},
}
@article{moreno2022hstrat,
  title = {hstrat: a Python Package for phylogenetic inference on distributed digital evolution populations},
  author = {Matthew Andres Moreno and Emily Dolson and Charles Ofria},
  year = 2022,
  journal = {Journal of Open Source Software},
  publisher = {The Open Journal},
  volume = 7,
  number = 80,
  pages = 4866,
  doi = {10.21105/joss.04866},
  url = {https://doi.org/10.21105/joss.04866},
}
@article{moreno2023matchmaker,
  title = {Matchmaker, matchmaker, make me a match: geometric, variational, and evolutionary implications of criteria for tag affinity},
  author = {Moreno, Matthew Andres and Lalejini, Alexander and Ofria, Charles},
  year = 2023,
  month = {Mar},
  day = 24,
  journal = {Genetic Programming and Evolvable Machines},
  volume = 24,
  number = 1,
  pages = 4,
  doi = {10.1007/s10710-023-09448-0},
  issn = {1573-7632},
  url = {https://doi.org/10.1007/s10710-023-09448-0},
}
@inproceedings{moreno2023toward,
  title = {Toward Phylogenetic Inference of Evolutionary Dynamics at Scale},
  author = {Moreno, Matthew Andres and Dolson, Emily and Rodriguez-Papa, Santiago},
  year = 2023,
  month = {07},
  booktitle = {ALIFE 2023: The 2023 Conference on Artificial Life},
  series = {Proceedings of the 2023 Artificial Life Conference},
  volume = {Proceedings of the 2023 Artificial Life Conference},
  pages = 79,
  doi = {10.1162/isal_a_00694},
  url = {https://doi.org/10.1162/isal\_a\_00694},
  eprint = {https://direct.mit.edu/isal/proceedings-pdf/isal/35/79/2149068/isal\_a\_00694.pdf},
}
@misc{moreno2024algorithms,
  title = {Algorithms for Efficient, Compact Online Data Stream Curation},
  author = {Matthew Andres Moreno and Santiago Rodriguez Papa and Emily Dolson},
  year = 2024,
  publisher = {arXiv},
  url = {https://arxiv.org/abs/2403.00266},
  copyright = {arXiv.org perpetual, non-exclusive license},
  eprint = {2403.00266},
  archiveprefix = {arXiv},
  primaryclass = {cs.DS},
}
@misc{moreno2024analysis,
  title = {Analysis of Phylogeny Tracking Algorithms for Serial and Multiprocess Applications},
  author = {Matthew Andres Moreno and Santiago Rodriguez Papa and Emily Dolson},
  year = 2024,
  publisher = {arXiv},
  url = {https://arxiv.org/abs/2403.00246},
  copyright = {arXiv.org perpetual, non-exclusive license},
  eprint = {2403.00246},
  archiveprefix = {arXiv},
  primaryclass = {cs.DS},
}
@software{moreno2024hsurf,
  title = {mmore500/hstrat-surface-concept},
  author = {Matthew Andres Moreno},
  year = 2024,
  month = mar,
  publisher = {Zenodo},
  doi = {10.5281/zenodo.10779240},
  url = {https://zenodo.org/doi/10.5281/zenodo.10779240},
}
@incollection{moreno2024methods,
  title = {Methods for Rich Phylogenetic Inference Over Distributed Sexual Populations},
  author = {Moreno, Matthew Andres},
  year = 2024,
  booktitle = {Genetic Programming Theory and Practice XX},
  publisher = {Springer International Publishing},
  pages = {125--141},
  doi = {10.1007/978-981-99-8413-8_7},
  isbn = {978-981-99-8413-8},
  url = {https://doi.org/10.1007/978-981-99-8413-8_7},
  editor = {Winkler, Stephan and Trujillo, Leonardo and Ofria, Charles and Hu, Ting},
}
@misc{moreno2024toward,
  title = {Toward Wafer-Scale Digital Evolution Experiments},
  author = {Connor and Moreno, Matthew A},
  year = 2024,
  month = {Mar},
  publisher = {Osf},
  doi = {10.17605/osf.io/bfm2z},
  url = {osf.io/bfm2z},
}
@software{moreno2024wse,
  title = {mmore500/wse-sketches},
  author = {Matthew Andres Moreno and Connor Yang},
  year = 2024,
  month = mar,
  publisher = {Zenodo},
  doi = {10.5281/zenodo.10779280},
  url = {https://doi.org/10.5281/zenodo.10779280},
}
@article{morgenstern2021unparalleled,
  title = {Unparalleled Parallelism? CPU \& GPU Architecture Trends and Their Implications for HPC Software},
  author = {Morgenstern, Laura and Kabadshow, Ivo and Werner, Matthias},
  year = 2021,
  journal = {Tagungsband des FG-BS Fr{\"u}hjahrstreffens 2021},
  publisher = {Gesellschaft f{\"u}r Informatik eV},
}
@inproceedings{murphy2008simple,
  title = {A Simple Powerful Constraint for Genetic Programming},
  author = {Murphy, Gearoid and Ryan, Conor},
  year = 2008,
  booktitle = {Genetic Programming},
  publisher = {Springer Berlin Heidelberg},
  address = {Berlin, Heidelberg},
  pages = {146--157},
  doi = {10.1007/978-3-540-78671-9_13},
  isbn = {978-3-540-78671-9},
  editor = {O'Neill, Michael and Vanneschi, Leonardo and Gustafson, Steven and Esparcia Alc{\'a}zar, Anna Isabel and De Falco, Ivanoe and Della Cioppa, Antonio and Tarantino, Ernesto},
}
@article{neherGeneticDraftSelective2013,
  title = {Genetic Draft, Selective Interference, and Population Genetics of Rapid Adaptation},
  author = {Neher, Richard A.},
  year = 2013,
  journal = {Annual Review of Ecology, Evolution, and Systematics},
  volume = 44,
  number = 1,
  pages = {195--215},
  doi = {10.1146/annurev-ecolsys-110512-135920},
  url = {https://doi.org/10.1146/annurev-ecolsys-110512-135920},
  note = {\_eprint: https://doi.org/10.1146/annurev-ecolsys-110512-135920},
  journaltitle = {Annual Review of Ecology, Evolution, and Systematics},
  date = 2013,
}
@inproceedings{nguyen2015innovation,
  title = {Innovation engines: Automated creativity and improved stochastic optimization via deep learning},
  author = {Nguyen, Anh Mai and Yosinski, Jason and Clune, Jeff},
  year = 2015,
  booktitle = {Proceedings of the 2015 Annual Conference on Genetic and Evolutionary Computation},
  pages = {959--966},
}
@incollection{nordborgCoalescentTheory2019,
  title = {Coalescent Theory},
  author = {Nordborg, Magnus},
  year = 2019,
  booktitle = {Handbook of Statistical Genomics},
  publisher = {John Wiley \& Sons, Ltd},
  pages = {145--30},
  doi = {10.1002/9781119487845.ch5},
  isbn = {978-1-119-48784-5},
  url = {https://onlinelibrary.wiley.com/doi/abs/10.1002/9781119487845.ch5},
  urldate = {2023-07-14},
  rights = {Copyright © 2019 John Wiley \& Sons Ltd},
  date = 2019,
  langid = {english},
}
@inproceedings{ofria1999evolution,
  title = {Evolution of differentiated expression patterns in digital organisms},
  author = {Ofria, Charles and Adami, Christoph and Collier, Travis C and Hsu, Grace K},
  year = 1999,
  booktitle = {European Conference on Artificial Life},
  pages = {129--138},
  organization = {Springer},
}
@article{ofria2004avida,
  title = {Avida: A software platform for research in computational evolutionary biology},
  author = {Ofria, Charles and Wilke, Claus O},
  year = 2004,
  journal = {Artificial Life},
  publisher = {MIT Press},
  address = {Cambridge, MA},
  volume = 10,
  number = 2,
  pages = {191--229},
}
@incollection{ofria2009artificial,
  title = {Avida},
  author = {Ofria, Charles  and Bryson, David M. and Wilke, Claus O.},
  year = 2009,
  booktitle = {Artificial Life Models in Software},
  publisher = {Springer London},
  address = {London},
  pages = {3--35},
  doi = {10.1007/978-1-84882-285-6_1},
  isbn = {978-1-84882-285-6},
  url = {https://doi.org/10.1007/978-1-84882-285-6_1},
  editor = {Komosinski, Maciej and Adamatzky, Andrew},
}
@article{ojo2018review,
  title = {A review of low-end, middle-end, and high-end IoT devices},
  author = {Ojo, Mike O and Giordano, Stefano and Procissi, Gregorio and Seitanidis, Ilias N},
  year = 2018,
  journal = {IEEE Access},
  publisher = {Ieee},
  volume = 6,
  pages = {70528--70554},
}
@article{packard2019overview,
  title = {An overview of open-ended evolution: Editorial introduction to the open-ended evolution II special issue},
  author = {Packard, Norman and Bedau, Mark A and Channon, Alastair and Ikegami, Takashi and Rasmussen, Steen and Stanley, Kenneth O and Taylor, Tim},
  year = 2019,
  journal = {Artificial Life},
  publisher = {MIT Press},
  volume = 25,
  number = 2,
  pages = {93--103},
}
@article{peng2007distance,
  title = {Distance based methods in phylogenetic tree construction},
  author = {Peng, Chuang},
  year = 2007,
  journal = {Neural Parallel And Scientific Computatiions},
  publisher = {Dynamic Publisher, Inc},
  volume = 15,
  number = 4,
  pages = 547,
}
@article{pennock2007models,
  title = {Models, simulations, instantiations, and evidence: the case of digital evolution},
  author = {Pennock, Robert T},
  year = 2007,
  journal = {Journal of Experimental \& Theoretical Artificial Intelligence},
  publisher = {Taylor \& Francis},
  volume = 19,
  number = 1,
  pages = {29--42},
}
@techreport{perumalla2022computer,
  title = {Computer science research needs for parallel discrete event simulation (PDES)},
  author = {Perumalla, Kalyan and Bremer, Maximilian and Brown, Kevin and Chan, Cy and Eidenbenz, Stephan and Hemmert, K Scott and Hoisie, Adolfy and Newton, Benjamin and Nutaro, James and Oppelstrup, Tomas and others},
  year = 2022,
  institution = {Lawrence Livermore National Lab.(LLNL), Livermore, CA (United States)},
}
@article{queller1997cooperators,
  title = {Cooperators since life began},
  author = {Queller, David C.},
  year = 1997,
  journal = {The Quarterly Review of Biology},
  publisher = {University of Chicago Press},
  address = {Chicago, IL},
  volume = 72,
  number = 2,
  pages = {184--188},
  doi = {10.1086/419766},
  editor = {Erk, Frank C. and Williams, George C.},
}
@article{ratcliff2012experimental,
  title = {Experimental evolution of multicellularity},
  author = {Ratcliff, William C and Denison, R Ford and Borrello, Mark and Travisano, Michael},
  year = 2012,
  journal = {Proceedings of the National Academy of Sciences},
  publisher = {National Acad Sciences},
  volume = 109,
  number = 5,
  pages = {1595--1600},
}
@techreport{ray1995proposal,
  title = {A proposal to Create a Network-Wide Biodiversity Reserve For Digital Organisms},
  author = {Ray, Thomas},
  year = 1995,
  number = {Tr-h-133},
  url = {http://tomray.me/pubs/reserves/},
  institution = {Atr},
}
@article{ray1996evolving,
  title = {Evolving parallel computation},
  author = {Ray, Thomas S and Thearling, Kurt},
  year = 1996,
  journal = {Complex Systems},
  publisher = {Complex Systems Publications},
  address = {Champaign, IL},
  volume = 10,
  number = 3,
  pages = {229--237},
}
@article{ray2000evolution,
  title = {Evolution of differentiation in multithreaded digital organisms},
  author = {Ray, Thomas S and Hart, Joseph F},
  year = 2000,
  journal = {Artificial Life},
  volume = 7,
  pages = {132--140},
}
@inproceedings{real17a,
  title = {Large-scale evolution of image classifiers},
  author = {Esteban Real and Sherry Moore and Andrew Selle and Saurabh Saxena and Yutaka Leon Suematsu and Jie Tan and Quoc V. Le and Alexey Kurakin},
  year = 2017,
  month = {06--11 Aug},
  booktitle = {Proceedings of the 34th International Conference on Machine Learning},
  publisher = {Pmlr},
  address = {Sydney, Australia},
  pages = {2902--2911},
  editor = {Precup, Doina and Yee Whye Teh},
}
@misc{rfc7228,
  title = {Terminology for Constrained-Node Networks},
  author = {Carsten Bormann and Mehmet Ersue and Ari Keränen},
  year = 2014,
  month = may,
  publisher = {RFC Editor},
  series = {Request for Comments},
  number = 7228,
  doi = {10.17487/rfc7228},
  url = {https://www.rfc-editor.org/info/rfc7228},
  howpublished = {Rfc 7228},
  pagetotal = 17,
}
@inproceedings{rubenstein2012kilobot,
  title = {Kilobot: A low cost scalable robot system for collective behaviors},
  author = {Rubenstein, Michael and Ahler, Christian and Nagpal, Radhika},
  year = 2012,
  booktitle = {2012 IEEE international conference on robotics and automation},
  pages = {3293--3298},
  organization = {Ieee},
}
@article{saunders1989portable,
  title = {A portable instrument for the logging of light levels},
  author = {David Saunders},
  year = 1989,
  journal = {The Conservator},
  publisher = {Routledge},
  volume = 13,
  number = 1,
  pages = {25--30},
  doi = {10.1080/01410096.1989.9995044},
  url = {https://doi.org/10.1080/01410096.1989.9995044},
  eprint = {https://doi.org/10.1080/01410096.1989.9995044},
}
@article{schulte2010genetic,
  title = {Genetic Programming on IXM},
  author = {Schulte, Eric},
  year = 2010,
  url = {https://www.cs.unm.edu/~eschulte/research/gp4ixm/gp4ixm.pdf},
}
@article{selig2022cerebras,
  title = {The cerebras software development kit: A technical overview},
  author = {Selig, Justin},
  year = 2022,
  publisher = {Technical Report, Cerebras},
}
@inproceedings{shahbandegan2022untangling,
  title = {Untangling phylogenetic diversity's role in evolutionary computation using a suite of diagnostic fitness landscapes},
  author = {Shahbandegan, Shakiba and Hernandez, Jose Guadalupe and Lalejini, Alexander and Dolson, Emily},
  year = 2022,
  booktitle = {Proceedings of the Genetic and Evolutionary Computation Conference Companion},
  pages = {2322--2325},
}
@book{smith1997major,
  title = {The major transitions in evolution},
  author = {Maynard Smith, J. and Szathmary, E.},
  year = 1997,
  publisher = {Oxford University Press},
  address = {New York},
  isbn = 9780198502944,
  lccn = {gb97075289},
}
@inproceedings{soros2014identifying,
  title = {Identifying necessary conditions for open-ended evolution through the artificial life world of chromaria},
  author = {Soros, L and Stanley, Kenneth},
  year = 2014,
  booktitle = {ALIFE 14: The Fourteenth International Conference on the Synthesis and Simulation of Living Systems},
  pages = {793--800},
  organization = {MIT Press},
}
@article{STAMATAKIS2005phylogenetics,
  title = {Phylogenetics: Applications, Software and Challenges},
  author = {Alexandros Stamatakis},
  year = 2005,
  journal = {Cancer Genomics \& Proteomics},
  publisher = {International Institute of Anticancer Research},
  volume = 2,
  number = 5,
  pages = {301--305},
  issn = {1109-6535},
  url = {https://cgp.iiarjournals.org/content/2/5/301},
  eprint = {https://cgp.iiarjournals.org/content/2/5/301.full.pdf},
}
@article{stanley2003taxonomy,
  title = {A taxonomy for artificial embryogeny},
  author = {Stanley, Kenneth O and Miikkulainen, Risto},
  year = 2003,
  journal = {Artificial Life},
  publisher = {MIT Press},
  volume = 9,
  number = 2,
  pages = {93--130},
}
@article{stanley2017open,
  title = {Open-endedness: The last grand challenge you've never heard of},
  author = {Kenneth O. Stanley, Joel Lehman},
  year = 2017,
  month = 12,
  journal = {Radar / AI \& ML},
  publisher = {O'Reilly Media},
  url = {https://www.oreilly.com/radar/open-endedness-the-last-grand-challenge-youve-never-heard-of/},
}
@article{stanley2019open,
  title = {Why open-endedness matters},
  author = {Stanley, Kenneth O},
  year = 2019,
  journal = {Artificial life},
  publisher = {MIT Press One Rogers Street, Cambridge, MA 02142-1209, USA journals-info~…},
  volume = 25,
  number = 3,
  pages = {232--235},
}
@article{sutter2005free,
  title = {The free lunch is over: A fundamental turn toward concurrency in software},
  author = {Sutter, Herb and others},
  year = 2005,
  journal = {Dr. Dobb's journal},
  volume = 30,
  number = 3,
  pages = {202--210},
}
@article{taylor2016open,
  title = {Open-ended evolution: Perspectives from the OEE workshop in York},
  author = {Taylor, Tim and Bedau, Mark and Channon, Alastair and Ackley, David and Banzhaf, Wolfgang and Beslon, Guillaume and Dolson, Emily and Froese, Tom and Hickinbotham, Simon and Ikegami, Takashi and others},
  year = 2016,
  journal = {Artificial life},
  publisher = {MIT Press},
  address = {Cambridge, MA},
  volume = 22,
  number = 3,
  pages = {408--423},
}
@article{tellierCoalescenceMultipleBranching2014,
  title = {Coalescence 2.0: a multiple branching of recent theoretical developments and their applications},
  shorttitle = {Coalescence 2.0},
  author = {Tellier, Aurélien and Lemaire, Christophe},
  year = 2014,
  journal = {Molecular Ecology},
  volume = 23,
  number = 11,
  pages = {2637--2652},
  doi = {10.1111/mec.12755},
  issn = {1365-294x},
  url = {https://onlinelibrary.wiley.com/doi/abs/10.1111/mec.12755},
  urldate = {2023-07-11},
  note = {\_eprint: https://onlinelibrary.wiley.com/doi/pdf/10.1111/mec.12755},
  rights = {© 2014 John Wiley \& Sons Ltd},
  journaltitle = {Molecular Ecology},
  date = 2014,
  langid = {english},
}
@article{truszkowski2013fast,
  title = {Fast Algorithms for Large-Scale Phylogenetic Reconstruction},
  author = {Truszkowski, Jakub},
  year = 2013,
  publisher = {University of Waterloo},
}
@article{tucker2017guide,
  title = {A guide to phylogenetic metrics for conservation, community ecology and macroecology},
  author = {Tucker, Caroline M and Cadotte, Marc W and Carvalho, Silvia B and Davies, T Jonathan and Ferrier, Simon and Fritz, Susanne A and Grenyer, Rich and Helmus, Matthew R and Jin, Lanna S and Mooers, Arne O and others},
  year = 2017,
  journal = {Biological Reviews},
  publisher = {Wiley Online Library},
  volume = 92,
  number = 2,
  pages = {698--715},
}
@article{vostinar2021symbiosis,
  title = {Symbiosis in digital evolution: Past, present, and future},
  author = {Vostinar, Anya E and Skocelas, Katherine G and Lalejini, Alexander and Zaman, Luis},
  year = 2021,
  journal = {Frontiers in Ecology and Evolution},
  publisher = {Frontiers Media SA},
  volume = 9,
  pages = 739047,
}
@article{voznica2022deep,
  title = {Deep learning from phylogenies to uncover the epidemiological dynamics of outbreaks},
  author = {Voznica, Jakub and Zhukova, Anna and Boskova, Veronika and Saulnier, E and Lemoine, F and Moslonka-Lefebvre, Mathieu and Gascuel, Olivier},
  year = 2022,
  journal = {Nature Communications},
  publisher = {Nature Publishing Group UK London},
  volume = 13,
  number = 1,
  pages = 3896,
}
@article{warneke2001smart,
  title = {Smart dust: Communicating with a cubic-millimeter computer},
  author = {Warneke, Brett and Last, Matt and Liebowitz, Brian and Pister, Kristofer SJ},
  year = 2001,
  journal = {Computer},
  publisher = {Ieee},
  volume = 34,
  number = 1,
  pages = {44--51},
}
@article{watts1998collective,
  title = {Collective dynamics of 'small-world' networks},
  author = {Watts, Duncan J and Strogatz, Steven H},
  year = 1998,
  journal = {Nature},
  publisher = {Nature Publishing Group},
  volume = 393,
  number = 6684,
  pages = {440--442},
}
@article{west2015major,
  title = {Major evolutionary transitions in individuality},
  author = {West, Stuart A and Fisher, Roberta M and Gardner, Andy and Kiers, E Toby},
  year = 2015,
  journal = {Proceedings of the National Academy of Sciences},
  publisher = {National Academy of Sciences},
  volume = 112,
  number = 33,
  pages = {10112--10119},
}
@article{whitman1998prokaryotes,
  title = {Prokaryotes: the unseen majority},
  author = {Whitman, William B and Coleman, David C and Wiebe, William J},
  year = 1998,
  journal = {Proceedings of the National Academy of Sciences},
  publisher = {National Acad Sciences},
  volume = 95,
  number = 12,
  pages = {6578--6583},
}
@article{wilke2001evolution,
  title = {Evolution of digital organisms at high mutation rates leads to survival of the flattest},
  author = {Wilke, Claus O and Wang, Jia Lan and Ofria, Charles and Lenski, Richard E and Adami, Christoph},
  year = 2001,
  journal = {Nature},
  publisher = {Nature Publishing Group UK London},
  volume = 412,
  number = 6844,
  pages = {331--333},
}
@article{williams2009roofline,
  title = {Roofline: an insightful visual performance model for multicore architectures},
  author = {Williams, Samuel and Waterman, Andrew and Patterson, David},
  year = 2009,
  journal = {Communications of the ACM},
  publisher = {ACM New York, NY, USA},
  volume = 52,
  number = 4,
  pages = {65--76},
}
@article{wulf1995hitting,
  title = {Hitting the memory wall: Implications of the obvious},
  author = {Wulf, Wm A and McKee, Sally A},
  year = 1995,
  journal = {ACM SIGARCH computer architecture news},
  publisher = {ACM New York, NY, USA},
  volume = 23,
  number = 1,
  pages = {20--24},
}
@article{xiang2016molecular,
  title = {Molecular-scale electronics: from concept to function},
  author = {Xiang, Dong and Wang, Xiaolong and Jia, Chuancheng and Lee, Takhee and Guo, Xuefeng},
  year = 2016,
  journal = {Chemical Reviews},
  publisher = {ACS Publications},
  volume = 116,
  number = 7,
  pages = {4318--4440},
}
@article{xiang2022epidermal,
  title = {An epidermal electronic system for physiological information acquisition, processing, and storage with an integrated flash memory array},
  author = {Xiang, Li and Wang, Yuru and Xia, Fan and Liu, Fang and He, Daliang and Long, Guanhua and Zeng, Xiangwen and Liang, Xuelei and Jin, Chuanhong and Wang, Yuwei and others},
  year = 2022,
  journal = {Science Advances},
  publisher = {American Association for the Advancement of Science},
  volume = 8,
  number = 33,
  pages = {eabp8075},
}
@article{zaman2014coevolution,
  title = {Coevolution drives the emergence of complex traits and promotes evolvability},
  author = {Zaman, Luis and Meyer, Justin R and Devangam, Suhas and Bryson, David M and Lenski, Richard E and Ofria, Charles},
  year = 2014,
  journal = {PLoS Biology},
  publisher = {Public Library of Science San Francisco, USA},
  volume = 12,
  number = 12,
  pages = {e1002023},
}
